%%%%%%%%%%% bibliografia.bib %%%%%%%%%%%%%%%%%%%
@inproceedings{hata2012bug,
  title={Bug prediction based on fine-grained module histories},
  author={Hata, Hideaki and Mizuno, Osamu and Kikuno, Tohru},
  booktitle={Proceedings of the 2012 International Conference on Software Engineering},
  pages={200--210},
  year={2012},
  organization={IEEE Press}
}

@inproceedings{hassan2004c,
  title={C-REX: an evolutionary code extractor for C},
  author={Hassan, Ahmed E and Holt, Richard C},
  booktitle={CSER Meeting},
  year={2004},
  organization={Citeseer}
}

@article{godfrey2005using,
  title={Using origin analysis to detect merging and splitting of source code entities},
  author={Godfrey, Michael W and Zou, Lijie},
  journal={Software Engineering, IEEE Transactions on},
  volume={31},
  number={2},
  pages={166--181},
  year={2005},
  publisher={IEEE}
}

@inproceedings{bevan2005facilitating,
  title={Facilitating software evolution research with kenyon},
  author={Bevan, Jennifer and Whitehead Jr, E James and Kim, Sunghun and Godfrey, Michael},
  booktitle={ACM SIGSOFT Software Engineering Notes},
  volume={30},
  number={5},
  pages={177--186},
  year={2005},
  organization={ACM}
}

@inproceedings{zimmermann2006fine,
  title={Fine-grained processing of CVS archives with APFEL},
  author={Zimmermann, Thomas},
  booktitle={Proceedings of the 2006 OOPSLA workshop on eclipse technology eXchange},
  pages={16--20},
  year={2006},
  organization={ACM}
}

@inproceedings{giger2012method,
  title={Method-level bug prediction},
  author={Giger, Emanuel and D'Ambros, Marco and Pinzger, Martin and Gall, Harald C},
  booktitle={Proceedings of the ACM-IEEE international symposium on Empirical software engineering and measurement},
  pages={171--180},
  year={2012},
  organization={ACM}
}

@inproceedings{hassan2009predicting,
  title={Predicting faults using the complexity of code changes},
  author={Hassan, Ahmed E},
  booktitle={Proceedings of the 31st International Conference on Software Engineering},
  pages={78--88},
  year={2009},
  organization={IEEE Computer Society}
}

@inproceedings{nagappan2005use,
  title={Use of relative code churn measures to predict system defect density},
  author={Nagappan, Nachiappan and Ball, Thomas},
  booktitle={Software Engineering, 2005. ICSE 2005. Proceedings. 27th International Conference on},
  pages={284--292},
  year={2005},
  organization={IEEE}
}

@article{graves2000predicting,
  title={Predicting fault incidence using software change history},
  author={Graves, Todd L and Karr, Alan F and Marron, James S and Siy, Harvey},
  journal={Software Engineering, IEEE Transactions on},
  volume={26},
  number={7},
  pages={653--661},
  year={2000},
  publisher={IEEE}
}

@inproceedings{hassan2005top,
  title={The top ten list: Dynamic fault prediction},
  author={Hassan, Ahmed E and Holt, Richard C},
  booktitle={Software Maintenance, 2005. ICSM'05. Proceedings of the 21st IEEE International Conference on},
  pages={263--272},
  year={2005},
  organization={IEEE}
}

@inproceedings{kim2007predicting,
  title={Predicting faults from cached history},
  author={Kim, Sunghun and Zimmermann, Thomas and Whitehead Jr, E James and Zeller, Andreas},
  booktitle={Proceedings of the 29th international conference on Software Engineering},
  pages={489--498},
  year={2007},
  organization={IEEE Computer Society}
}

@inproceedings{hassan2009predicting,
  title={Predicting faults using the complexity of code changes},
  author={Hassan, Ahmed E},
  booktitle={Proceedings of the 31st International Conference on Software Engineering},
  pages={78--88},
  year={2009},
  organization={IEEE Computer Society}
}

@article{weyuker2008too,
  title={Do too many cooks spoil the broth? Using the number of developers to enhance defect prediction models},
  author={Weyuker, Elaine J and Ostrand, Thomas J and Bell, Robert M},
  journal={Empirical Software Engineering},
  volume={13},
  number={5},
  pages={539--559},
  year={2008},
  publisher={Springer US}
}

@inproceedings{nagappan2008influence,
  title={The influence of organizational structure on software quality: an empirical case study},
  author={Nagappan, Nachiappan and Murphy, Brendan and Basili, Victor},
  booktitle={Proceedings of the 30th international conference on Software engineering},
  pages={521--530},
  year={2008},
  organization={ACM}
}

@inproceedings{mockus2010organizational,
  title={Organizational volatility and its effects on software defects},
  author={Mockus, Audris},
  booktitle={Proceedings of the eighteenth ACM SIGSOFT international symposium on Foundations of software engineering},
  pages={117--126},
  year={2010},
  organization={ACM}
}

@inproceedings{pinzger2008can,
  title={Can developer-module networks predict failures?},
  author={Pinzger, Martin and Nagappan, Nachiappan and Murphy, Brendan},
  booktitle={Proceedings of the 16th ACM SIGSOFT International Symposium on Foundations of software engineering},
  pages={2--12},
  year={2008},
  organization={ACM}
}

@inproceedings{meneely2008predicting,
  title={Predicting failures with developer networks and social network analysis},
  author={Meneely, Andrew and Williams, Laurie and Snipes, Will and Osborne, Jason},
  booktitle={Proceedings of the 16th ACM SIGSOFT International Symposium on Foundations of software engineering},
  pages={13--23},
  year={2008},
  organization={ACM}
}

@inproceedings{wolf2009predicting,
  title={Predicting build failures using social network analysis on developer communication},
  author={Wolf, Timo and Schroter, Adrian and Damian, Daniela and Nguyen, Thanh},
  booktitle={Proceedings of the 31st International Conference on Software Engineering},
  pages={1--11},
  year={2009},
  organization={IEEE Computer Society}
}

@inproceedings{bird2011don,
  title={Don't touch my code!: examining the effects of ownership on software quality},
  author={Bird, Christian and Nagappan, Nachiappan and Murphy, Brendan and Gall, Harald and Devanbu, Premkumar},
  booktitle={Proceedings of the 19th ACM SIGSOFT symposium and the 13th European conference on Foundations of software engineering},
  pages={4--14},
  year={2011},
  organization={ACM}
}

@inproceedings{rahman2011ownership,
  title={Ownership, experience and defects: a fine-grained study of authorship},
  author={Rahman, Foyzur and Devanbu, Premkumar},
  booktitle={Proceedings of the 33rd International Conference on Software Engineering},
  pages={491--500},
  year={2011},
  organization={ACM}
}

@inproceedings{moser2008comparative,
  title={A comparative analysis of the efficiency of change metrics and static code attributes for defect prediction},
  author={Moser, Raimund and Pedrycz, Witold and Succi, Giancarlo},
  booktitle={Software Engineering, 2008. ICSE'08. ACM/IEEE 30th International Conference on},
  pages={181--190},
  year={2008},
  organization={IEEE}
}

@inproceedings{kamei2010revisiting,
  title={Revisiting common bug prediction findings using effort-aware models},
  author={Kamei, Yasutaka and Matsumoto, Shinsuke and Monden, Akito and Matsumoto, K-i and Adams, Bram and Hassan, Ahmed E},
  booktitle={Software Maintenance (ICSM), 2010 IEEE International Conference on},
  pages={1--10},
  year={2010},
  organization={IEEE}
}

@inproceedings{czerwonka2011crane,
  title={Crane: Failure prediction, change analysis and test prioritization in practice--experiences from windows},
  author={Czerwonka, Jacek and Das, Rajiv and Nagappan, Nachiappan and Tarvo, Alex and Teterev, Alex},
  booktitle={Software Testing, Verification and Validation (ICST), 2011 IEEE Fourth International Conference on},
  pages={357--366},
  year={2011},
  organization={IEEE}
}

@article{sliwerski2005changes,
  title={When do changes induce fixes?},
  author={{\'S}liwerski, Jacek and Zimmermann, Thomas and Zeller, Andreas},
  journal={ACM sigsoft software engineering notes},
  volume={30},
  number={4},
  pages={1--5},
  year={2005},
  publisher={ACM}
}

@inproceedings{nguyen2012multi,
  title={Multi-layered approach for recovering links between bug reports and fixes},
  author={Nguyen, Anh Tuan and Nguyen, Tung Thanh and Nguyen, Hoan Anh and Nguyen, Tien N},
  booktitle={Proceedings of the ACM SIGSOFT 20th International Symposium on the Foundations of Software Engineering},
  pages={63},
  year={2012},
  organization={ACM}
}

@inproceedings{wu2011relink,
  title={Relink: recovering links between bugs and changes},
  author={Wu, Rongxin and Zhang, Hongyu and Kim, Sunghun and Cheung, Shing-Chi},
  booktitle={Proceedings of the 19th ACM SIGSOFT symposium and the 13th European conference on Foundations of software engineering},
  pages={15--25},
  year={2011},
  organization={ACM}
}

@inproceedings{cubranic2003hipikat,
  title={Hipikat: Recommending pertinent software development artifacts},
  author={Cubranic, Davor and Murphy, Gail C},
  booktitle={Software Engineering, 2003. Proceedings. 25th International Conference on},
  pages={408--418},
  year={2003},
  organization={IEEE}
}

@article{arisholm2010systematic,
  title={A systematic and comprehensive investigation of methods to build and evaluate fault prediction models},
  author={Arisholm, Erik and Briand, Lionel C and Johannessen, Eivind B},
  journal={Journal of Systems and Software},
  volume={83},
  number={1},
  pages={2--17},
  year={2010},
  publisher={Elsevier}
}

@inproceedings{mende2010effort,
  title={Effort-aware defect prediction models},
  author={Mende, Thilo and Koschke, Rainer},
  booktitle={Software Maintenance and Reengineering (CSMR), 2010 14th European Conference on},
  pages={107--116},
  year={2010},
  organization={IEEE}
}

@article{menzies2010defect,
  title={Defect prediction from static code features: current results, limitations, new approaches},
  author={Menzies, Tim and Milton, Zach and Turhan, Burak and Cukic, Bojan and Jiang, Yue and Bener, Ay{\c{s}}e},
  journal={Automated Software Engineering},
  volume={17},
  number={4},
  pages={375--407},
  year={2010},
  publisher={Springer}
}

@inproceedings{rahman2011bugcache,
  title={BugCache for inspections: hit or miss?},
  author={Rahman, Foyzur and Posnett, Daryl and Hindle, Abram and Barr, Earl and Devanbu, Premkumar},
  booktitle={Proceedings of the 19th ACM SIGSOFT symposium and the 13th European conference on Foundations of software engineering},
  pages={322--331},
  year={2011},
  organization={ACM}
}

@article{koru2008theory,
  title={Theory of relative defect proneness},
  author={Koru, A G{\"u}ne{\c{s}} and El Emam, Khaled and Zhang, Dongsong and Liu, Hongfang and Mathew, Divya},
  journal={Empirical Software Engineering},
  volume={13},
  number={5},
  pages={473--498},
  year={2008},
  publisher={Springer}
}

@inproceedings{posnett2011ecological,
  title={Ecological inference in empirical software engineering},
  author={Posnett, Daryl and Filkov, Vladimir and Devanbu, Premkumar},
  booktitle={Proceedings of the 2011 26th IEEE/ACM International Conference on Automated Software Engineering},
  pages={362--371},
  year={2011},
  organization={IEEE Computer Society}
}

@inproceedings{nguyen2010studying,
  title={Studying the impact of dependency network measures on software quality},
  author={Nguyen, Thanh HD and Adams, Bram and Hassan, Ahmed E},
  booktitle={Software Maintenance (ICSM), 2010 IEEE International Conference on},
  pages={1--10},
  year={2010},
  organization={IEEE}
}

@inproceedings{mizuno2007training,
  title={Training on errors experiment to detect fault-prone software modules by spam filter},
  author={Mizuno, Osamu and Kikuno, Tohru},
  booktitle={Proceedings of the the 6th joint meeting of the European software engineering conference and the ACM SIGSOFT symposium on The foundations of software engineering},
  pages={405--414},
  year={2007},
  organization={ACM}
}

@book{endres2003handbook,
  title={A handbook of software and systems engineering: empirical observations, laws and theories},
  author={Endres, Albert and Rombach, H Dieter},
  year={2003},
  publisher={Pearson Education}
}

@article{concas2011distribution,
  title={On the distribution of bugs in the eclipse system},
  author={Concas, Giulio and Marchesi, Michele and Murgia, Alessandro and Tonelli, Roberto and Turnu, Ivana},
  journal={Software Engineering, IEEE Transactions on},
  volume={37},
  number={6},
  pages={872--877},
  year={2011},
  publisher={IEEE}
}

@article{hall2012systematic,
  title={A systematic literature review on fault prediction performance in software engineering},
  author={Hall, Tracy and Beecham, Sarah and Bowes, David and Gray, David and Counsell, Steve},
  journal={Software Engineering, IEEE Transactions on},
  volume={38},
  number={6},
  pages={1276--1304},
  year={2012},
  publisher={IEEE}
}

@article{catal2009systematic,
  title={A systematic review of software fault prediction studies},
  author={Catal, Cagatay and Diri, Banu},
  journal={Expert systems with applications},
  volume={36},
  number={4},
  pages={7346--7354},
  year={2009},
  publisher={Elsevier}
}

@inproceedings{d2010extensive,
  title={An extensive comparison of bug prediction approaches},
  author={D'Ambros, Marco and Lanza, Michele and Robbes, Romain},
  booktitle={Mining Software Repositories (MSR), 2010 7th IEEE Working Conference on},
  pages={31--41},
  year={2010},
  organization={IEEE}
}

@article{d2012evaluating,
  title={Evaluating defect prediction approaches: a benchmark and an extensive comparison},
  author={D'Ambros, Marco and Lanza, Michele and Robbes, Romain},
  journal={Empirical Software Engineering},
  volume={17},
  number={4-5},
  pages={531--577},
  year={2012},
  publisher={Springer}
}

@incollection{ferzund2009empirical,
  title={Empirical evaluation of hunk metrics as bug predictors},
  author={Ferzund, Javed and Ahsan, Syed Nadeem and Wotawa, Franz},
  booktitle={Software Process and Product Measurement},
  pages={242--254},
  year={2009},
  publisher={Springer}
}

@inproceedings{ferzund2009software,
  title={Software change classification using hunk metrics},
  author={Ferzund, Javed and Ahsan, Syed Nadeem and Wotawa, Franz},
  booktitle={Software Maintenance, 2009. ICSM 2009. IEEE International Conference on},
  pages={471--474},
  year={2009},
  organization={IEEE}
}

@article{liaw2002classification,
  title={Classification and Regression by randomForest},
  author={Liaw, Andy and Wiener, Matthew},
  journal={R news},
  volume={2},
  number={3},
  pages={18--22},
  year={2002}
}

@article{lessmann2008benchmarking,
  title={Benchmarking classification models for software defect prediction: A proposed framework and novel findings},
  author={Lessmann, Stefan and Baesens, Bart and Mues, Christophe and Pietsch, Swantje},
  journal={Software Engineering, IEEE Transactions on},
  volume={34},
  number={4},
  pages={485--496},
  year={2008},
  publisher={IEEE}
}

